<record><leader>00000cas a2200000 a 4500</leader><controlfield tag="001">22884284</controlfield><controlfield tag="008">901221d19391952aruwr ne      0    0eng d</controlfield><datafield ind1=" " ind2=" " tag="010"><subfield code="a">sn 93050535 </subfield></datafield><datafield ind1=" " ind2=" " tag="040"><subfield code="a">AST</subfield><subfield code="b">eng</subfield><subfield code="c">AST</subfield><subfield code="d">OCL</subfield><subfield code="d">ANU</subfield><subfield code="d">OCL</subfield><subfield code="d">OCLCQ</subfield><subfield code="d">OCLCF</subfield><subfield code="d">OCLCO</subfield></datafield><datafield ind1=" " ind2=" " tag="042"><subfield code="a">msc</subfield></datafield><datafield ind1=" " ind2=" " tag="043"><subfield code="a">n-us-ar</subfield></datafield><datafield ind1=" " ind2=" " tag="090"><subfield code="a">BX6201</subfield><subfield code="b">T45</subfield></datafield><datafield ind1=" " ind2=" " tag="092"><subfield code="a">286.1</subfield></datafield><datafield ind1="0" ind2="4" tag="245"><subfield code="a">The Temple trumpet.</subfield></datafield><datafield ind1=" " ind2=" " tag="260"><subfield code="a">Little Rock, Ark. :</subfield><subfield code="b">Temple Baptist Missionary Church,</subfield><subfield code="c">-1952.</subfield></datafield><datafield ind1=" " ind2=" " tag="300"><subfield code="a">v.</subfield></datafield><datafield ind1=" " ind2=" " tag="310"><subfield code="a">Weekly</subfield></datafield><datafield ind1="1" ind2=" " tag="362"><subfield code="a">Began in 1939?</subfield></datafield><datafield ind1="0" ind2=" " tag="362"><subfield code="a">-Feb. 6, 1952.</subfield></datafield><datafield ind1=" " ind2=" " tag="515"><subfield code="a">Feb. 6, 1952 issue is numbered no. 21.</subfield></datafield><datafield ind1=" " ind2=" " tag="588"><subfield code="a">Description based on: Vol. 1, no. 2 (Jan. 21, 1939).</subfield></datafield><datafield ind1=" " ind2="0" tag="650"><subfield code="a">Baptists</subfield><subfield code="z">Arkansas</subfield><subfield code="v">Newspapers.</subfield></datafield><datafield ind1=" " ind2="7" tag="655"><subfield code="a">Newspapers.</subfield><subfield code="2">fast</subfield><subfield code="0">(OCoLC)fst01423814</subfield></datafield><datafield ind1=" " ind2="7" tag="650"><subfield code="a">Baptists.</subfield><subfield code="2">fast</subfield><subfield code="0">(OCoLC)fst00827285</subfield></datafield><datafield ind1=" " ind2="7" tag="651"><subfield code="a">Arkansas.</subfield><subfield code="2">fast</subfield><subfield code="0">(OCoLC)fst01204809</subfield></datafield><datafield ind1=" " ind2=" " tag="752"><subfield code="a">United States</subfield><subfield code="b">Arkansas</subfield><subfield code="c">Pulaski</subfield><subfield code="d">Little Rock.</subfield></datafield><datafield ind1="0" ind2="0" tag="785"><subfield code="t">Baptist trumpet</subfield><subfield code="w">(DLC)sn 86002019</subfield><subfield code="w">(OCoLC)4605914</subfield></datafield></record>